@article{Antillon,
	title={The burden of typhoid fever in low-and middle-income countries: a meta-regression approach},
	author={Antill{\'o}n, Marina and Warren, Joshua L and Crawford, Forrest W and Weinberger, Daniel M and K{\"u}r{\"u}m, Esra and Pak, Gi Deok and Marks, Florian and Pitzer, Virginia E},
	journal={PLoS neglected tropical diseases},
	volume={11},
	number={2},
	pages={e0005376},
	year={2017},
	publisher={Public Library of Science San Francisco, CA USA}
}

@article{Feasey,
	title={Rapid emergence of multidrug resistant, H58-lineage Salmonella typhi in Blantyre, Malawi},
	author={Feasey, Nicholas A and Gaskell, Katherine and Wong, Vanessa and Msefula, Chisomo and Selemani, George and Kumwenda, Save and Allain, Theresa J and Mallewa, Jane and Kennedy, Neil and Bennett, Aisleen and others},
	journal={PLoS neglected tropical diseases},
	volume={9},
	number={4},
	pages={e0003748},
	year={2015},
	publisher={Public Library of Science San Francisco, CA USA}
}

@book{WHO,
	title={Antimicrobial resistance: global report on surveillance},
	author={World Health Organization and others},
	year={2014},
	publisher={World Health Organization}
}

@article{Peters,
	title={A prospective study of bloodstream infections as cause of fever in Malawi: clinical predictors and implications for management},
	author={Peters, Remco PH and Zijlstra, Ed E and Schijffelen, Maarten J and Walsh, Amanda L and Joaki, George and Kumwenda, John J and Kublin, James G and Molyneux, Malcolm E and Lewis, David K},
	journal={Tropical Medicine \& International Health},
	volume={9},
	number={8},
	pages={928--934},
	year={2004},
	publisher={Wiley Online Library}
}

@article{Mweu,
	title={Typhoid fever in children in Africa},
	author={Mweu, Evanson and English, Mike},
	journal={Tropical Medicine \& International Health},
	volume={13},
	number={4},
	pages={532--540},
	year={2008},
	publisher={Wiley Online Library}
}

@article{Gordon,
	title={Epidemics of invasive Salmonella enterica serovar enteritidis and S. enterica Serovar typhimurium infection associated with multidrug resistance among adults and children in Malawi},
	author={Gordon, Melita A and Graham, Stephen M and Walsh, Amanda L and Wilson, Lorna and Phiri, Amos and Molyneux, Elizabeth and Zijlstra, Eduard E and Heyderman, Robert S and Hart, C Anthony and Molyneux, Malcolm E},
	journal={Clinical Infectious Diseases},
	volume={46},
	number={7},
	pages={963--969},
	year={2008},
	publisher={The University of Chicago Press}
}

@article{Gauld2019,
title={Domestic river water use and risk of typhoid fever: results from a case-control study in Blantyre, Malawi},
author={Gauld, Jillian S and Olgemoeller, Franziska and Nkhata, Rose and Li, Chao and Chirambo, Angeziwa and Morse, Tracy and Gordon, Melita A and Read, Jonathan M and Heyderman, Robert S and Kennedy, Neil and others},
journal={Clinical Infectious Diseases},
volume={70},
number={7},
pages={1278--1284},
year={2020},
publisher={Oxford University Press US}
}

@article{Wailan,
title={rPinecone: Define sub-lineages of a clonal expansion via a phylogenetic tree},
author={Wailan, Alexander M and Coll, Francesc and Heinz, Eva and Tonkin-Hill, Gerry and Corander, Jukka and Feasey, Nicholas A and Thomson, Nicholas R},
journal={Microbial genomics},
volume={5},
number={4},
year={2019},
publisher={Microbiology Society}
}

@article{Gauld2021,
title={Spatial and genomic data to characterize endemic typhoid transmission},
author={Gauld, Jillian S and Olgemoeller, Franziska and Heinz, Eva and Nkhata, Rose and Bilima, Sithembile and Wailan, Alexander M and Kennedy, Neil and Mallewa, Jane and Gordon, Melita A and Read, Jonathan M and others},
journal={Clinical Infectious Diseases},
volume={74},
number={11},
pages={1993--2000},
year={2022},
publisher={Oxford University Press US}
}

@article{Akullian,
	title={Environmental transmission of typhoid fever in an urban slum},
	author={Akullian, Adam and Ngâ€™eno, Eric and Matheson, Alastair I and Cosmas, Leonard and Macharia, Daniel and Fields, Barry and Bigogo, Godfrey and Mugoh, Maina and John-Stewart, Grace and Walson, Judd L and others},
	journal={PLoS neglected tropical diseases},
	volume={9},
	number={12},
	pages={e0004212},
	year={2015},
	publisher={Public Library of Science San Francisco, CA USA}
}

@article{Fenton,
	title={Spatial and spatio-temporal analysis of Salmonella infection in dairy herds in England and Wales},
	author={Fenton, SE and Clough, HE and Diggle, PJ and Evans, SJ and Davison, HC and Vink, WD and French, NP},
	journal={Epidemiology \& Infection},
	volume={137},
	number={6},
	pages={847--857},
	year={2009},
	publisher={Cambridge University Press}
}

@book{Gelfand,
	title={Handbook of spatial statistics},
	author={Gelfand, Alan E and Diggle, Peter and Guttorp, Peter and Fuentes, Montserrat},
	year={2010},
	publisher={CRC press}
}

@article{Cox,
	title={Spatial and temporal patterns in antimicrobial resistance of Salmonella Typhimurium in cattle in England and Wales},
	author={Cox, R and Su, T and Clough, H and Woodward, Martin J and Sherlock, C},
	journal={Epidemiology \& Infection},
	volume={140},
	number={11},
	pages={2062--2073},
	year={2012},
	publisher={Cambridge University Press}
}

@book{Kim,
	title={Spatio-temporal point process models for the spread of avian influenza virus (H5N1)},
	author={Kim, Harry},
	year={2011},
	publisher={University of California, Berkeley}
}

@article{Ogata,
	title={Space-time point-process models for earthquake occurrences},
	author={Ogata, Yosihiko},
	journal={Annals of the Institute of Statistical Mathematics},
	volume={50},
	pages={379--402},
	year={1998},
	publisher={Springer}
}

@article{Taylor2015,
	title={Bayesian inference and data augmentation schemes for spatial, spatiotemporal and multivariate log-Gaussian Cox processes in R},
	author={Taylor, Benjamin and Davies, Tilman and Rowlingson, Barry and Diggle, Peter},
	journal={Journal of Statistical Software},
	volume={63},
	pages={1--48},
	year={2015}
}

@article{Moller,
	title={Log gaussian cox processes},
	author={M{\o}ller, Jesper and Syversveen, Anne Randi and Waagepetersen, Rasmus Plenge},
	journal={Scandinavian journal of statistics},
	volume={25},
	number={3},
	pages={451--482},
	year={1998},
	publisher={Wiley Online Library}
}

@book{CressieWikle2011,
	title={Statistics for spatio-temporal data},
	author={Cressie, Noel and Wikle, Christopher K},
	year={2015},
	publisher={John Wiley \& Sons}
}

@article{Tranmer&Steel1998,
	title={Using census data to investigate the causes of the ecological fallacy},
	author={Tranmer, M and Steel, David G},
	journal={Environment and Planning A},
	volume={30},
	number={5},
	pages={817--831},
	year={1998},
	publisher={SAGE Publications Sage UK: London, England}
}

@article{Bello2018,
	title={Spatio-temporal modeling of Zika and dengue infections within Colombia},
	author={Mart{\'\i}nez-Bello, Daniel Adyro and L{\'o}pez-Qu{\'\i}lez, Antonio and Torres Prieto, Alexander},
	journal={International Journal of Environmental Research and Public Health},
	volume={15},
	number={7},
	pages={1376},
	year={2018},
	publisher={MDPI}
}

@article{Hawkes&Oakes1974,
	title={A cluster process representation of a self-exciting process},
	author={Hawkes, Alan G and Oakes, David},
	journal={Journal of applied probability},
	volume={11},
	number={3},
	pages={493--503},
	year={1974},
	publisher={Cambridge University Press}
}

@article{Diggle2013,
title={Spatial and spatio-temporal log-Gaussian Cox processes: extending the geostatistical paradigm},
author={Diggle, Peter J and Moraga, Paula and Rowlingson, Barry and Taylor, Benjamin M},
year={2013}
}

@article{Diggle2001,
	title={Spatiotemporal prediction for log-Gaussian Cox processes},
	author={Brix, Anders and Diggle, Peter J},
	journal={Journal of the Royal Statistical Society: Series B (Statistical Methodology)},
	volume={63},
	number={4},
	pages={823--841},
	year={2001},
	publisher={Wiley Online Library}
}

@article{Davies2013,
	title={Assessing minimum contrast parameter estimation for spatial and spatiotemporal log-Gaussian Cox processes},
	author={Davies, Tilman M and Hazelton, Martin L},
	journal={Statistica Neerlandica},
	volume={67},
	number={4},
	pages={355--389},
	year={2013},
	publisher={Wiley Online Library}
}

@article{Taylor2013,
	title={lgcp: an R package for inference with spatial and spatio-temporal log-Gaussian Cox processes},
	author={Taylor, Benjamin M and Davies, Tilman M and Rowlingson, Barry S and Diggle, Peter J},
	journal={Journal of Statistical Software},
	volume={52},
	pages={1--40},
	year={2013}
}

@article{Reinhart2018,
	title={A review of self-exciting spatio-temporal point processes and their applications},
	author={Reinhart, Alex},
	journal={Statistical Science},
	volume={33},
	number={3},
	pages={299--318},
	year={2018},
	publisher={JSTOR}
}